@article{abreu_bubbles_2003,
    author = {Abreu, Dilip and Brunnermeier, Markus K.},
    journal = {Econometrica},
    note = {Publisher: Wiley Online Library},
    number = {1},
    pages = {173--204},
    title = {{B}ubbles and crashes},
    volume = {71},
    year = {2003}
}

@article{acharya_asset_2005,
    author = {Acharya, Viral V. and Pedersen, Lasse Heje},
    issn = {0304-405X},
    journal = {Journal of Financial Economics},
    month = {August},
    number = {2},
    pages = {375--410},
    title = {{A}sset pricing with liquidity risk},
    volume = {77},
    year = {2005}
}

@article{amihud_asset_1986,
    author = {Amihud, Yakov and Mendelson, Haim},
    issn = {0304-405X},
    journal = {Journal of Financial Economics},
    month = {December},
    number = {2},
    pages = {223--249},
    title = {{A}sset pricing and the bid-ask spread},
    volume = {17},
    year = {1986}
}

@article{amihud_illiquidity_2002,
    author = {Amihud, Yakov},
    journal = {Journal of financial markets},
    number = {1},
    pages = {31--56},
    shorttitle = {Illiquidity and stock returns},
    title = {{I}lliquidity and stock returns: cross-section and time-series effects},
    volume = {5},
    year = {2002}
}

@article{amihud_liquidity_1991,
    author = {Amihud, Yakov and Mendelson, Haim},
    copyright = {\textcopyright  1991 the American Finance Association},
    issn = {1540-6261},
    journal = {The Journal of Finance},
    note = {\_eprint: https://onlinelibrary.wiley.com/doi/pdf/10.1111/j.1540-6261.1991.tb04623.x},
    number = {4},
    pages = {1411--1425},
    title = {{L}iquidity, {M}aturity, and the {Y}ields on {U}.S. {T}reasury {S}ecurities},
    volume = {46},
    year = {1991}
}

@article{anand_performance_2012,
    author = {Anand, Amber and Irvine, Paul and Puckett, Andy and Venkataraman, Kumar},
    doi = {10.1093/rfs/hhr110},
    issn = {0893-9454, 1465-7368},
    journal = {Review of Financial Studies},
    month = {February},
    number = {2},
    pages = {557--598},
    shorttitle = {Performance of Institutional Trading Desks},
    title = {{P}erformance of {I}nstitutional {T}rading {D}esks: {A}n {A}nalysis of {P}ersistence in {T}rading {C}osts},
    volume = {25},
    year = {2012}
}

@article{avery_multidimensional_1998,
    author = {Avery, Christopher and Zemsky, Peter},
    issn = {0002-8282},
    journal = {The American Economic Review},
    note = {Publisher: American Economic Association},
    number = {4},
    pages = {724--748},
    title = {{M}ultidimensional {U}ncertainty and {H}erd {B}ehavior in {F}inancial {M}arkets},
    volume = {88},
    year = {1998}
}

@article{back_working_2007,
    author = {Back, Kerry and Baruch, Shmuel},
    journal = {The Journal of Finance},
    note = {Publisher: Wiley Online Library},
    number = {4},
    pages = {1589--1621},
    title = {{W}orking orders in limit order markets and floor exchanges},
    volume = {62},
    year = {2007}
}

@article{bailey_economic_2006,
    author = {Bailey, Warren and Karolyi, G. Andrew and Salva, Carolina},
    journal = {Journal of Financial Economics},
    note = {Publisher: Elsevier},
    number = {1},
    pages = {175--213},
    shorttitle = {The economic consequences of increased disclosure},
    title = {{T}he economic consequences of increased disclosure: {E}vidence from international cross-listings},
    volume = {81},
    year = {2006}
}

@techreport{beason_anatomy_2019,
    address = {Rochester, NY},
    author = {Beason, Tyler and Wahal, Sunil},
    doi = {10.2139/ssrn.3497001},
    month = {December},
    number = {ID 3497001},
    title = {{T}he {A}natomy of {T}rading {A}lgorithms},
    type = {SSRN Scholarly Paper},
    url = {http://dx.doi.org/10.2139/ssrn.3497001},
    year = {2019}
}

@inproceedings{beber_order_2005,
    author = {Beber, Alessandro and Caglio, Cecilia},
    booktitle = {EFA 2003 Annual Conference Paper},
    note = {Issue: 875},
    shorttitle = {Order submission strategies and information},
    title = {{O}rder submission strategies and information: {E}mpirical evidence from the {N}YS{E}},
    year = {2005}
}

@book{berle_modern_1932,
    author = {Berle, Adolf Augustus and Means, Gardiner Gardiner Coit},
    publisher = {Transaction publishers},
    title = {{T}he modern corporation and private property},
    year = {1932}
}

@techreport{bhattacharya_limit_2020,
    address = {Rochester, NY},
    author = {Bhattacharya, Ayan and Saar, Gideon},
    doi = {10.2139/ssrn.3688473},
    month = {September},
    number = {ID 3688473},
    title = {{L}imit {O}rder {M}arkets under {A}symmetric {I}nformation},
    type = {SSRN Scholarly Paper},
    url = {https://papers.ssrn.com/abstract=3688473},
    year = {2020}
}

@article{biais_empirical_1995,
    author = {Biais, Bruno and Hillion, Pierre and Spatt, Chester},
    journal = {the Journal of Finance},
    note = {Publisher: Wiley Online Library},
    number = {5},
    pages = {1655--1689},
    title = {{A}n empirical analysis of the limit order book and the order flow in the {P}aris {B}ourse},
    volume = {50},
    year = {1995}
}

@article{biais_equilibrium_2015,
    author = {Biais, Bruno and Foucault, Thierry and Moinas, Sophie},
    issn = {0304-405X},
    journal = {Journal of Financial Economics},
    month = {May},
    number = {2},
    pages = {292--313},
    title = {{E}quilibrium fast trading},
    volume = {116},
    year = {2015}
}

@article{bikhchandani_herd_2000,
    author = {Bikhchandani, Sushil and Sharma, Sunil},
    issn = {1020-7635},
    journal = {IMF Staff Papers},
    note = {Publisher: Palgrave Macmillan Journals},
    number = {3},
    pages = {279--310},
    title = {{H}erd {B}ehavior in {F}inancial {M}arkets},
    volume = {47},
    year = {2000}
}

@techreport{bogousslavsky_should_2020,
    address = {Rochester, NY},
    author = {Bogousslavsky, Vincent and Muravyev, Dmitriy},
    doi = {10.2139/ssrn.3485840},
    month = {May},
    number = {ID 3485840},
    shorttitle = {Should We Use Closing Prices?},
    title = {{S}hould {W}e {U}se {C}losing {P}rices? {I}nstitutional {P}rice {P}ressure at the {C}lose},
    type = {SSRN Scholarly Paper},
    url = {https://papers.ssrn.com/abstract=3485840},
    year = {2020}
}

@article{bongaerts_derivative_2011,
    author = {Bongaerts, Dion and De Jong, Frank and Driessen, Joost},
    copyright = {\textcopyright  2011 the American Finance Association},
    issn = {1540-6261},
    journal = {The Journal of Finance},
    note = {\_eprint: https://onlinelibrary.wiley.com/doi/pdf/10.1111/j.1540-6261.2010.01630.x},
    number = {1},
    pages = {203--240},
    shorttitle = {Derivative Pricing with Liquidity Risk},
    title = {{D}erivative {P}ricing with {L}iquidity {R}isk: {T}heory and {E}vidence from the {C}redit {D}efault {S}wap {M}arket},
    volume = {66},
    year = {2011}
}

@article{brown_technical_1989,
    author = {Brown, David P. and Jennings, Robert H.},
    issn = {0893-9454},
    journal = {The Review of Financial Studies},
    note = {Publisher: [Oxford University Press, Society for Financial Studies]},
    number = {4},
    pages = {527--551},
    title = {{O}n {T}echnical {A}nalysis},
    volume = {2},
    year = {1989}
}

@article{budish_high-frequency_2015,
    author = {Budish, Eric and Cramton, Peter and Shim, John},
    journal = {The Quarterly Journal of Economics},
    note = {Publisher: MIT Press},
    number = {4},
    pages = {1547--1621},
    shorttitle = {The high-frequency trading arms race},
    title = {{T}he high-frequency trading arms race: {F}requent batch auctions as a market design response},
    volume = {130},
    year = {2015}
}

@article{cao_information_2009,
    author = {Cao, Charles and Hansch, Oliver and Wang, Xiaoxin},
    journal = {Journal of Futures Markets: Futures, Options, and Other Derivative Products},
    note = {Publisher: Wiley Online Library},
    number = {1},
    pages = {16--41},
    title = {{T}he information content of an open limit-order book},
    volume = {29},
    year = {2009}
}

@article{chatterjee_bargaining_1983,
    author = {Chatterjee, Kalyan and Samuelson, William},
    journal = {Operations Research},
    number = {5},
    pages = {835--851},
    title = {{B}argaining under {I}ncomplete {I}nformation},
    volume = {31},
    year = {1983}
}

@article{copeland_information_1983,
    author = {Copeland, Thomas E. and Galai, Dan},
    journal = {the Journal of Finance},
    note = {Publisher: Wiley Online Library},
    number = {5},
    pages = {1457--1469},
    title = {{I}nformation effects on the bid-ask spread},
    volume = {38},
    year = {1983}
}

@article{daley_information-based_2016,
    author = {Daley, Brendan and Green, Brett},
    doi = {10.1111/jofi.12272},
    issn = {00221082},
    journal = {The Journal of Finance},
    month = {April},
    number = {2},
    pages = {809--870},
    shorttitle = {An Information-Based Theory of Time-Varying Liquidity},
    title = {{A}n {I}nformation-{B}ased {T}heory of {T}ime-{V}arying {L}iquidity: {A}n {I}nformation-{B}ased {T}heory of {T}ime-{V}arying {L}iquidity},
    volume = {71},
    year = {2016}
}

@article{de_jong_price_1996,
    author = {de Jong, Frank and Nijman, Theo and R{\"o}ell, Ailsa},
    issn = {0927-5398},
    journal = {Journal of Empirical Finance},
    month = {June},
    number = {2},
    pages = {193--213},
    title = {{P}rice effects of trading and components of the bid-ask spread on the {P}aris {B}ourse},
    volume = {3},
    year = {1996}
}

@article{duffie_over--counter_2005,
    author = {Duffie, Darrell and G{\^a}rleanu, Nicolae and Pedersen, Lasse Heje},
    journal = {Econometrica},
    number = {6},
    pages = {1815--1847},
    title = {{O}ver-the-counter markets},
    volume = {73},
    year = {2005}
}

@article{duffie_valuation_2007,
    author = {Duffie, Darrell and G{\^a}rleanu, Nicolae and Pedersen, Lasse Heje},
    doi = {10.1093/rfs/hhm037},
    issn = {0893-9454},
    journal = {The Review of Financial Studies},
    month = {November},
    note = {Publisher: Oxford Academic},
    number = {6},
    pages = {1865--1900},
    title = {{V}aluation in {O}ver-the-{C}ounter {M}arkets},
    volume = {20},
    year = {2007}
}

@article{easley_is_2002,
    author = {Easley, David and Hvidkjaer, Soeren and O\textquotesingle Hara, Maureen},
    copyright = {\textcopyright  2002 the American Finance Association},
    issn = {1540-6261},
    journal = {The Journal of Finance},
    number = {5},
    pages = {2185--2221},
    title = {{I}s {I}nformation {R}isk a {D}eterminant of {A}sset {R}eturns?},
    volume = {57},
    year = {2002}
}

@article{easley_liquidity_1996,
    author = {Easley, David and Kiefer, Nicholas M. and O\textquotesingle Hara, Maureen and Paperman, Joseph B.},
    copyright = {\textcopyright  1996 the American Finance Association},
    issn = {1540-6261},
    journal = {The Journal of Finance},
    number = {4},
    pages = {1405--1436},
    title = {{L}iquidity, {I}nformation, and {I}nfrequently {T}raded {S}tocks},
    volume = {51},
    year = {1996}
}

@techreport{eaton_zero-commission_2021,
    address = {Rochester, NY},
    author = {Eaton, Gregory W. and Green, T. Clifton and Roseman, Brian and Wu, Yanbin},
    doi = {10.2139/ssrn.3776874},
    month = {January},
    number = {ID 3776874},
    title = {{Z}ero-{C}ommission {I}ndividual {I}nvestors, {H}igh {F}requency {T}raders, and {S}tock {M}arket {Q}uality},
    type = {SSRN Scholarly Paper},
    url = {http://dx.doi.org/10.2139/ssrn.3776874},
    year = {2021}
}

@article{ellul_financial_2018,
    author = {Ellul, Andrew and Panayides, Marios},
    issn = {0022-1090, 1756-6916},
    journal = {Journal of Financial and Quantitative Analysis},
    month = {February},
    note = {Publisher: Cambridge University Press},
    number = {1},
    pages = {203--241},
    title = {{D}o {F}inancial {A}nalysts {R}estrain {I}nsiders\textbackslash textquoteright {I}nformational {A}dvantage?},
    volume = {53},
    year = {2018}
}

@article{ellul_ipo_2006,
    author = {Ellul, Andrew and Pagano, Marco},
    issn = {0893-9454},
    journal = {The Review of Financial Studies},
    month = {July},
    note = {Publisher: Oxford Academic},
    number = {2},
    pages = {381--421},
    title = {I{P}O {U}nderpricing and {A}fter-{M}arket {L}iquidity},
    volume = {19},
    year = {2006}
}

@article{foucault_limit_2005,
    author = {Foucault, Thierry and Kadan, Ohad and Kandel, Eugene},
    issn = {0893-9454},
    journal = {The Review of Financial Studies},
    month = {December},
    number = {4},
    pages = {1171--1217},
    title = {{L}imit {O}rder {B}ook as a {M}arket for {L}iquidity},
    volume = {18},
    year = {2005}
}

@article{foucault_order_1999,
    author = {Foucault, Thierry},
    issn = {1386-4181},
    journal = {Journal of Financial Markets},
    month = {May},
    number = {2},
    pages = {99--134},
    title = {{O}rder flow composition and trading costs in a dynamic limit order market},
    volume = {2},
    year = {1999}
}

@techreport{frazzini_trading_2018,
    address = {Rochester, NY},
    author = {Frazzini, Andrea and Israel, Ronen and Moskowitz, Tobias J.},
    doi = {10.2139/ssrn.3229719},
    month = {April},
    number = {ID 3229719},
    title = {{T}rading {C}osts},
    type = {SSRN Scholarly Paper},
    url = {https://papers.ssrn.com/abstract=3229719},
    year = {2018}
}

@article{glosten_bid_1985,
    author = {Glosten, Lawrence R. and Milgrom, Paul R.},
    issn = {0304-405X},
    journal = {Journal of Financial Economics},
    month = {March},
    number = {1},
    pages = {71--100},
    title = {{B}id, ask and transaction prices in a specialist market with heterogeneously informed traders},
    volume = {14},
    year = {1985}
}

@article{glosten_estimating_1988,
    author = {Glosten, Lawrence R. and Harris, Lawrence E.},
    journal = {Journal of financial Economics},
    number = {1},
    pages = {123--142},
    title = {{E}stimating the components of the bid/ask spread},
    volume = {21},
    year = {1988}
}

@article{glosten_is_1994,
    author = {Glosten, Lawrence R.},
    copyright = {\textcopyright  1994 the American Finance Association},
    issn = {1540-6261},
    journal = {The Journal of Finance},
    number = {4},
    pages = {1127--1161},
    title = {{I}s the {E}lectronic {O}pen {L}imit {O}rder {B}ook {I}nevitable?},
    volume = {49},
    year = {1994}
}

@article{goldstein_eighths_2000,
    author = {Goldstein, Michael A. and Kavajecz, Kenneth A.},
    issn = {0304-405X},
    journal = {Journal of Financial Economics},
    month = {April},
    number = {1},
    pages = {125--149},
    shorttitle = {Eighths, sixteenths, and market depth},
    title = {{E}ighths, sixteenths, and market depth: changes in tick size and liquidity provision on the {N}YS{E}},
    volume = {56},
    year = {2000}
}

@article{goldstein_manipulation_2008,
    author = {Goldstein, Itay and Guembel, Alexander},
    issn = {0034-6527, 1467-937X},
    journal = {Review of Economic Studies},
    month = {January},
    number = {1},
    pages = {133--164},
    title = {{M}anipulation and the {A}llocational {R}ole of {P}rices},
    volume = {75},
    year = {2008}
}

@article{grammig_knowing_2001,
    author = {Grammig, Joachim and Schiereck, Dirk and Theissen, Erik},
    issn = {1386-4181},
    journal = {Journal of Financial Markets},
    month = {October},
    number = {4},
    pages = {385--412},
    shorttitle = {Knowing me, knowing you},
    title = {{K}nowing me, knowing you:: {T}rader anonymity and informed trading in parallel markets},
    volume = {4},
    year = {2001}
}

@article{grossman_impossibility_1980,
    author = {Grossman, Sanford J. and Stiglitz, Joseph E.},
    journal = {The American economic review},
    note = {Publisher: JSTOR},
    number = {3},
    pages = {393--408},
    title = {{O}n the impossibility of informationally efficient markets},
    volume = {70},
    year = {1980}
}

@techreport{halaburda_microeconomics_2020,
    address = {Rochester, NY},
    author = {Halaburda, Hanna and Haeringer, Guillaume and Gans, Joshua and Gandal, Neil},
    doi = {10.2139/ssrn.3274331},
    month = {June},
    number = {ID 3274331},
    title = {{T}he {M}icroeconomics of {C}ryptocurrencies},
    type = {SSRN Scholarly Paper},
    url = {https://papers.ssrn.com/abstract=3274331},
    year = {2020}
}

@book{hasbrouck_empirical_2007,
    author = {Hasbrouck, Joel},
    publisher = {Oxford University Press},
    shorttitle = {Empirical market microstructure},
    title = {{E}mpirical market microstructure: {T}he institutions, economics, and econometrics of securities trading},
    year = {2007}
}

@article{hasbrouck_measuring_1991,
    author = {Hasbrouck, Joel},
    copyright = {\textcopyright  1991 the American Finance Association},
    issn = {1540-6261},
    journal = {The Journal of Finance},
    number = {1},
    pages = {179--207},
    title = {{M}easuring the {I}nformation {C}ontent of {S}tock {T}rades},
    volume = {46},
    year = {1991}
}

@article{hasbrouck_summary_1991,
    author = {Hasbrouck, Joel},
    issn = {0893-9454},
    journal = {The Review of Financial Studies},
    month = {July},
    number = {3},
    pages = {571--595},
    shorttitle = {The Summary Informativeness of Stock Trades},
    title = {{T}he {S}ummary {I}nformativeness of {S}tock {T}rades: {A}n {E}conometric {A}nalysis},
    volume = {4},
    year = {1991}
}

@article{hasbrouck_trades_1988,
    author = {Hasbrouck, Joel},
    issn = {0304-405X},
    journal = {Journal of Financial Economics},
    month = {December},
    number = {2},
    pages = {229--252},
    title = {{T}rades, quotes, inventories, and information},
    volume = {22},
    year = {1988}
}

@article{hellwig_aggregation_1980,
    author = {Hellwig, Martin F},
    doi = {10.1016/0022-0531(80)90056-3},
    issn = {0022-0531},
    journal = {Journal of Economic Theory},
    month = {June},
    number = {3},
    pages = {477--498},
    title = {{O}n the aggregation of information in competitive markets},
    volume = {22},
    year = {1980}
}

@techreport{hu_vestigial_2020,
    address = {Rochester, NY},
    author = {Hu, Edwin and Murphy, Dermot},
    doi = {10.2139/ssrn.3600230},
    month = {May},
    number = {ID 3600230},
    shorttitle = {Vestigial Tails?},
    title = {{V}estigial {T}ails? {F}loor {B}rokers at the {C}lose in {M}odern {E}lectronic {M}arkets},
    type = {SSRN Scholarly Paper},
    url = {https://papers.ssrn.com/abstract=3600230},
    year = {2020}
}

@article{huang_components_1997,
    author = {Huang, Roger D. and Stoll, Hans R.},
    issn = {0893-9454},
    journal = {The Review of Financial Studies},
    month = {October},
    number = {4},
    pages = {995--1034},
    shorttitle = {The Components of the Bid-Ask Spread},
    title = {{T}he {C}omponents of the {B}id-{A}sk {S}pread: {A} General {A}pproach},
    volume = {10},
    year = {1997}
}

@book{kahneman_noise_2021,
    author = {Kahneman, Daniel and Sibony, Olivier and Sunstein, Cass R.},
    publisher = {Hachette UK},
    shorttitle = {Noise},
    title = {{N}oise: a flaw in human judgment},
    year = {2021}
}

@article{kaniel_so_2006,
    author = {Kaniel, Ron and Liu, Hong},
    journal = {The Journal of Business},
    note = {Publisher: JSTOR},
    number = {4},
    pages = {1867--1913},
    title = {{S}o what orders do informed traders use?},
    volume = {79},
    year = {2006}
}

@article{kirilenko_moores_2013,
    author = {Kirilenko, Andrei A. and Lo, Andrew W.},
    journal = {The Journal of Economic Perspectives},
    number = {2},
    pages = {51--72},
    title = {{M}oore\textquotesingle s {L}aw versus {M}urphy\textquotesingle s {L}aw: {A}lgorithmic {T}rading and {I}ts {D}iscontents},
    volume = {27},
    year = {2013}
}

@article{kondor_more_2012,
    author = {Kondor, P{\'e}ter},
    journal = {The Review of Economic Studies},
    note = {Publisher: Oxford University Press},
    number = {3},
    pages = {1175--1207},
    title = {{T}he more we know about the fundamental, the less we agree on the price},
    volume = {79},
    year = {2012}
}

@book{krishna_auction_2009,
    author = {Krishna, Vijay},
    isbn = {978-0-12-374507-1},
    publisher = {Academic press},
    title = {{A}uction theory},
    url = {https://doi.org/10.1016/C2009-0-22474-3},
    year = {2009}
}

@article{kyle_continuous_1985,
    author = {Kyle, Albert S.},
    journal = {Econometrica: Journal of the Econometric Society},
    pages = {1315--1335},
    title = {{C}ontinuous auctions and insider trading},
    year = {1985}
}

@article{lee_inferring_1991,
    author = {Lee, Charles MC and Ready, Mark J.},
    journal = {The Journal of Finance},
    number = {2},
    pages = {733--746},
    title = {{I}nferring trade direction from intraday data},
    volume = {46},
    year = {1991}
}

@techreport{lehar_miner_2020,
    address = {Rochester, NY},
    author = {Lehar, Alfred and Parlour, Christine A.},
    month = {March},
    number = {ID 3559894},
    title = {{M}iner {C}ollusion and the {B}it{C}oin {P}rotocol},
    type = {SSRN Scholarly Paper},
    url = {http://dx.doi.org/10.2139/ssrn.3559894},
    year = {2020}
}

@article{lyons_tests_1995,
    author = {Lyons, Richard K.},
    issn = {0304-405X},
    journal = {Journal of Financial Economics},
    month = {October},
    number = {2},
    pages = {321--351},
    title = {{T}ests of microstructural hypotheses in the foreign exchange market},
    volume = {39},
    year = {1995}
}

@article{madhavan_why_1997,
    author = {Madhavan, Ananth and Richardson, Matthew and Roomans, Mark},
    issn = {0893-9454},
    journal = {The Review of Financial Studies},
    month = {October},
    number = {4},
    pages = {1035--1064},
    shorttitle = {Why Do Security Prices Change?},
    title = {{W}hy {D}o {S}ecurity {P}rices {C}hange? {A} Transaction-{L}evel {A}nalysis of {N}YS{E} Stocks},
    volume = {10},
    year = {1997}
}

@article{milgrom_information_1982,
    author = {Milgrom, Paul and Stokey, Nancy},
    doi = {10.1016/0022-0531(82)90046-1},
    issn = {0022-0531},
    journal = {Journal of Economic Theory},
    month = {February},
    number = {1},
    pages = {17--27},
    title = {{I}nformation, trade and common knowledge},
    volume = {26},
    year = {1982}
}

@article{muravyev_option_2015,
    author = {Muravyev, Dmitriy and Pearson, Neil D.},
    doi = {10.2139/ssrn.2580548},
    issn = {1556-5068},
    journal = {SSRN Electronic Journal},
    title = {{O}ption {T}rading {C}osts {A}re {L}ower than {Y}ou {T}hink},
    year = {2015}
}

@article{newhard_stock_2014,
    author = {Newhard, Joseph Michael},
    issn = {0929-1199},
    journal = {Journal of Corporate Finance},
    month = {August},
    pages = {116--132},
    shorttitle = {The stock market speaks},
    title = {{T}he stock market speaks: {H}ow {D}r. {A}lchian learned to build the bomb},
    volume = {27},
    year = {2014}
}

@techreport{nica_cryptocurrencies_2017,
    address = {Rochester, NY},
    author = {Nica, Octavian and Piotrowska, Karolina and Schenk-Hopp{\'e}, Klaus Reiner},
    doi = {10.2139/ssrn.3059856},
    month = {October},
    number = {ID 3059856},
    shorttitle = {Cryptocurrencies},
    title = {{C}ryptocurrencies: {E}conomic {B}enefits and {R}isks},
    type = {SSRN Scholarly Paper},
    url = {https://dx.doi.org/10.2139/ssrn.3059856},
    year = {2017}
}

@article{odders-white_occurrence_2000,
    author = {Odders-White, Elizabeth R.},
    journal = {Journal of Financial Markets},
    number = {3},
    pages = {259--286},
    title = {{O}n the occurrence and consequences of inaccurate trade classification},
    volume = {3},
    year = {2000}
}

@incollection{parlour_limit_2008,
    author = {Parlour, Christine A. and Seppi, Duane J.},
    booktitle = {Handbook of Financial Intermediation and Banking},
    doi = {10.1016/B978-044451558-2.50007-6},
    isbn = {978-0-444-51558-2},
    pages = {63--96},
    publisher = {Elsevier},
    shorttitle = {Limit Order Markets},
    title = {{L}imit {O}rder {M}arkets: {A} Survey},
    url = {https://linkinghub.elsevier.com/retrieve/pii/B9780444515582500076},
    year = {2008}
}

@article{parlour_price_1998,
    author = {Parlour, Christine A.},
    issn = {0893-9454},
    journal = {The Review of Financial Studies},
    month = {October},
    number = {4},
    pages = {789--816},
    title = {{P}rice {D}ynamics in {L}imit {O}rder {M}arkets},
    volume = {11},
    year = {1998}
}

@techreport{ranaldo_asymmetric_2019,
    address = {Rochester, NY},
    author = {Ranaldo, Angelo and Somogyi, Fabricius},
    doi = {10.2139/ssrn.3263279},
    month = {April},
    number = {ID 3263279},
    title = {{A}symmetric {I}nformation {R}isk in {F}X {M}arkets},
    type = {SSRN Scholarly Paper},
    url = {https://papers.ssrn.com/abstract=3263279},
    year = {2019}
}

@article{roll_simple_1984,
    author = {Roll, Richard},
    journal = {The Journal of finance},
    number = {4},
    pages = {1127--1139},
    title = {{A} simple implicit measure of the effective bid-ask spread in an efficient market},
    volume = {39},
    year = {1984}
}

@article{sandas_adverse_2001,
    author = {Sand \ras, Patrik},
    issn = {0893-9454},
    journal = {The Review of Financial Studies},
    note = {Publisher: [Oxford University Press, Society for Financial Studies]},
    number = {3},
    pages = {705--734},
    shorttitle = {Adverse Selection and Competitive Market Making},
    title = {{A}dverse {S}election and {C}ompetitive {M}arket {M}aking: {E}mpirical {E}vidence from a {L}imit {O}rder {M}arket},
    volume = {14},
    year = {2001}
}

@article{seppi_liquidity_1997,
    author = {Seppi, Duane J.},
    issn = {0893-9454},
    journal = {The Review of Financial Studies},
    number = {1},
    pages = {103--150},
    title = {{L}iquidity {P}rovision with {L}imit {O}rders and {S}trategic {S}pecialist},
    volume = {10},
    year = {1997}
}

@article{shkilko_every_2020,
    author = {Shkilko, Andriy and Sokolov, Konstantin},
    doi = {10.1111/jofi.12969},
    issn = {1540-6261},
    journal = {The Journal of Finance},
    note = {\_eprint: https://onlinelibrary.wiley.com/doi/pdf/10.1111/jofi.12969},
    number = {6},
    pages = {2899--2927},
    shorttitle = {Every Cloud Has a Silver Lining},
    title = {{E}very {C}loud {H}as a {S}ilver {L}ining: {F}ast {T}rading, {M}icrowave {C}onnectivity, and {T}rading {C}osts},
    volume = {75},
    year = {2020}
}

@article{smith_observational_2011,
    author = {Smith, Lones and S{\o}rensen, Peter Norman},
    journal = {The New Palgrave Dictionary of Economics Online Edition},
    pages = {29--52},
    title = {{O}bservational learning},
    year = {2011}
}

@article{smith_pathological_2000,
    author = {Smith, Lones and S{\o}rensen, Peter},
    journal = {Econometrica},
    number = {2},
    pages = {371--398},
    title = {{P}athological outcomes of observational learning},
    volume = {68},
    year = {2000}
}

@article{viswanathan_market_2002,
    author = {Viswanathan, Suresh and Wang, James JD},
    journal = {Journal of Financial Markets},
    note = {Publisher: Elsevier},
    number = {2},
    pages = {127--167},
    shorttitle = {Market architecture},
    title = {{M}arket architecture: limit-order books versus dealership markets},
    volume = {5},
    year = {2002}
}
